% Encoding: UTF-8

@InProceedings{kong2009perceptual,
  author       = {Kong, Nicholas and Agrawala, Maneesh},
  title        = {Perceptual interpretation of ink annotations on line charts},
  booktitle    = {Proceedings of the 22nd annual ACM symposium on User interface software and technology},
  year         = {2009},
  pages        = {233--236},
  organization = {ACM},
  file         = {:related works\\Annotation\\Automation\\Perceptual Interpretation of Ink Annotations on Line Charts.pdf:PDF},
}

@PhdThesis{kong2013techniques,
  author = {Kong, Nicholas},
  title  = {Techniques for Modifying and Augmenting Existing Charts for Improved Usability},
  school = {UC Berkeley},
  year   = {2013},
  file   = {:related works\\Annotation\\Types and Preferences\\Techniques for Modifying and Augmenting Existing Charts for Improved Usability.pdf:PDF},
}

@Book{DBLP:books/daglib/0034520,
  title     = {Visualization Analysis and Design},
  publisher = {A {K} Peters},
  year      = {2014},
  author    = {Tamara Munzner},
  series    = {{A.K.} Peters visualization series},
  isbn      = {978-1-466-50891-0},
  bibsource = {dblp computer science bibliography, https://dblp.org},
  biburl    = {https://dblp.org/rec/bib/books/daglib/0034520},
  timestamp = {Thu, 22 Sep 2016 09:16:51 +0200},
  url       = {http://www.cs.ubc.ca/\%7Etmm/vadbook/},
}

@Article{DBLP:journals/tvcg/LeeKS13,
  author    = {Bongshin Lee and Rubaiat Habib Kazi and Greg Smith},
  title     = {SketchStory: Telling More Engaging Stories with Data through Freeform Sketching},
  journal   = {{IEEE} Trans. Vis. Comput. Graph.},
  year      = {2013},
  volume    = {19},
  number    = {12},
  pages     = {2416--2425},
  bibsource = {dblp computer science bibliography, https://dblp.org},
  biburl    = {https://dblp.org/rec/bib/journals/tvcg/LeeKS13},
  doi       = {10.1109/TVCG.2013.191},
  timestamp = {Wed, 14 Nov 2018 10:22:07 +0100},
  url       = {https://doi.org/10.1109/TVCG.2013.191},
}

@Article{christensen1995empirical,
  author    = {Christensen, Jon and Marks, Joe and Shieber, Stuart},
  title     = {An empirical study of algorithms for point-feature label placement},
  journal   = {ACM Transactions on Graphics (TOG)},
  year      = {1995},
  volume    = {14},
  number    = {3},
  pages     = {203--232},
  publisher = {ACM},
}

@Article{wagner2001three,
  author    = {Wagner, Frank and Wolff, Alexander and Kapoor, Vikas and Strijk, Tycho},
  title     = {Three rules suffice for good label placement},
  journal   = {Algorithmica},
  year      = {2001},
  volume    = {30},
  number    = {2},
  pages     = {334--349},
  publisher = {Springer},
}

@InProceedings{azuma2003evaluating,
  author       = {Azuma, Ronald and Furmanski, Chris},
  title        = {Evaluating label placement for augmented reality view management},
  booktitle    = {Proceedings of the 2nd IEEE/ACM international Symposium on Mixed and Augmented Reality},
  year         = {2003},
  pages        = {66},
  organization = {IEEE Computer Society},
}

@Article{DBLP:journals/tvcg/BostockOH11,
  author    = {Michael Bostock and Vadim Ogievetsky and Jeffrey Heer},
  title     = {D{\({^3}\)} Data-Driven Documents},
  journal   = {{IEEE} Trans. Vis. Comput. Graph.},
  year      = {2011},
  volume    = {17},
  number    = {12},
  pages     = {2301--2309},
  bibsource = {dblp computer science bibliography, https://dblp.org},
  biburl    = {https://dblp.org/rec/bib/journals/tvcg/BostockOH11},
  doi       = {10.1109/TVCG.2011.185},
  timestamp = {Wed, 14 Nov 2018 10:22:02 +0100},
  url       = {https://doi.org/10.1109/TVCG.2011.185},
}

@Article{DBLP:journals/tvcg/SatyanarayanMWH17,
  author    = {Arvind Satyanarayan and Dominik Moritz and Kanit Wongsuphasawat and Jeffrey Heer},
  title     = {Vega-Lite: {A} Grammar of Interactive Graphics},
  journal   = {{IEEE} Trans. Vis. Comput. Graph.},
  year      = {2017},
  volume    = {23},
  number    = {1},
  pages     = {341--350},
  bibsource = {dblp computer science bibliography, https://dblp.org},
  biburl    = {https://dblp.org/rec/bib/journals/tvcg/SatyanarayanMWH17},
  doi       = {10.1109/TVCG.2016.2599030},
  timestamp = {Wed, 14 Nov 2018 10:22:03 +0100},
  url       = {https://doi.org/10.1109/TVCG.2016.2599030},
}

@Article{DBLP:journals/cgf/PocoH17,
  author    = {Jorge Poco and Jeffrey Heer},
  title     = {Reverse-Engineering Visualizations: Recovering Visual Encodings from Chart Images},
  journal   = {Comput. Graph. Forum},
  year      = {2017},
  volume    = {36},
  number    = {3},
  pages     = {353--363},
  bibsource = {dblp computer science bibliography, https://dblp.org},
  biburl    = {https://dblp.org/rec/bib/journals/cgf/PocoH17},
  doi       = {10.1111/cgf.13193},
  timestamp = {Fri, 30 Nov 2018 13:23:29 +0100},
  url       = {https://doi.org/10.1111/cgf.13193},
}

@InProceedings{DBLP:conf/uist/SavvaKCFAH11,
  author    = {Manolis Savva and Nicholas Kong and Arti Chhajta and Fei{-}Fei Li and Maneesh Agrawala and Jeffrey Heer},
  title     = {ReVision: automated classification, analysis and redesign of chart images},
  booktitle = {Proceedings of the 24th Annual {ACM} Symposium on User Interface Software and Technology, Santa Barbara, CA, USA, October 16-19, 2011},
  year      = {2011},
  pages     = {393--402},
  bibsource = {dblp computer science bibliography, https://dblp.org},
  biburl    = {https://dblp.org/rec/bib/conf/uist/SavvaKCFAH11},
  doi       = {10.1145/2047196.2047247},
  timestamp = {Tue, 06 Nov 2018 16:58:07 +0100},
  url       = {https://doi.org/10.1145/2047196.2047247},
}

@InProceedings{DBLP:conf/iccv/HeGDG17,
  author    = {Kaiming He and Georgia Gkioxari and Piotr Doll{\'{a}}r and Ross B. Girshick},
  title     = {Mask {R-CNN}},
  booktitle = {{IEEE} International Conference on Computer Vision, {ICCV} 2017, Venice, Italy, October 22-29, 2017},
  year      = {2017},
  pages     = {2980--2988},
  bibsource = {dblp computer science bibliography, https://dblp.org},
  biburl    = {https://dblp.org/rec/bib/conf/iccv/HeGDG17},
  doi       = {10.1109/ICCV.2017.322},
  timestamp = {Thu, 11 Jan 2018 13:21:37 +0100},
  url       = {https://doi.org/10.1109/ICCV.2017.322},
}

@InProceedings{DBLP:conf/iccv/Girshick15,
  author    = {Ross B. Girshick},
  title     = {Fast {R-CNN}},
  booktitle = {2015 {IEEE} International Conference on Computer Vision, {ICCV} 2015, Santiago, Chile, December 7-13, 2015},
  year      = {2015},
  pages     = {1440--1448},
  bibsource = {dblp computer science bibliography, https://dblp.org},
  biburl    = {https://dblp.org/rec/bib/conf/iccv/Girshick15},
  doi       = {10.1109/ICCV.2015.169},
  timestamp = {Wed, 24 May 2017 08:31:04 +0200},
  url       = {https://doi.org/10.1109/ICCV.2015.169},
}

@InProceedings{DBLP:conf/nips/RenHGS15,
  author    = {Shaoqing Ren and Kaiming He and Ross B. Girshick and Jian Sun},
  title     = {Faster {R-CNN:} Towards Real-Time Object Detection with Region Proposal Networks},
  booktitle = {Advances in Neural Information Processing Systems 28: Annual Conference on Neural Information Processing Systems 2015, December 7-12, 2015, Montreal, Quebec, Canada},
  year      = {2015},
  pages     = {91--99},
  bibsource = {dblp computer science bibliography, https://dblp.org},
  biburl    = {https://dblp.org/rec/bib/conf/nips/RenHGS15},
  timestamp = {Fri, 08 Apr 2016 19:32:53 +0200},
  url       = {http://papers.nips.cc/paper/5638-faster-r-cnn-towards-real-time-object-detection-with-region-proposal-networks},
}

@Article{DBLP:journals/tvcg/PocoMH18,
  author    = {Jorge Poco and Angela Mayhua and Jeffrey Heer},
  title     = {Extracting and Retargeting Color Mappings from Bitmap Images of Visualizations},
  journal   = {{IEEE} Trans. Vis. Comput. Graph.},
  year      = {2018},
  volume    = {24},
  number    = {1},
  pages     = {637--646},
  bibsource = {dblp computer science bibliography, https://dblp.org},
  biburl    = {https://dblp.org/rec/bib/journals/tvcg/PocoMH18},
  doi       = {10.1109/TVCG.2017.2744320},
  timestamp = {Wed, 14 Nov 2018 10:22:12 +0100},
  url       = {https://doi.org/10.1109/TVCG.2017.2744320},
}

@Misc{darknet13,
  author       = {Joseph Redmon},
  title        = {Darknet: Open Source Neural Networks in C},
  howpublished = {\url{http://pjreddie.com/darknet/}},
  year         = {2013--2016},
}

@InProceedings{DBLP:conf/chi/JungKSHLKS17,
  author    = {Daekyoung Jung and Wonjae Kim and Hyunjoo Song and Jeongin Hwang and Bongshin Lee and Bo Hyoung Kim and Jinwook Seo},
  title     = {ChartSense: Interactive Data Extraction from Chart Images},
  booktitle = {Proceedings of the 2017 {CHI} Conference on Human Factors in Computing Systems, Denver, CO, USA, May 06-11, 2017.},
  year      = {2017},
  pages     = {6706--6717},
  bibsource = {dblp computer science bibliography, https://dblp.org},
  biburl    = {https://dblp.org/rec/bib/conf/chi/JungKSHLKS17},
  doi       = {10.1145/3025453.3025957},
  timestamp = {Tue, 06 Nov 2018 16:58:44 +0100},
  url       = {https://doi.org/10.1145/3025453.3025957},
}

@InProceedings{DBLP:conf/cbmi/VitaladevuniSGD07,
  author    = {Shiv Naga Prasad Vitaladevuni and Behjat Siddiquie and Jennifer Golbeck and Larry S. Davis},
  title     = {Classifying Computer Generated Charts},
  booktitle = {International Workshop on Content-Based Multimedia Indexing, {CBMI} '07, Bordeaux, France, June 25-27, 2007},
  year      = {2007},
  pages     = {85--92},
  bibsource = {dblp computer science bibliography, https://dblp.org},
  biburl    = {https://dblp.org/rec/bib/conf/cbmi/VitaladevuniSGD07},
  doi       = {10.1109/CBMI.2007.385396},
  timestamp = {Fri, 26 May 2017 00:51:41 +0200},
  url       = {https://doi.org/10.1109/CBMI.2007.385396},
}

@Misc{Detectron2018,
  author       = {Ross Girshick and Ilija Radosavovic and Georgia Gkioxari and Piotr Doll\'{a}r and Kaiming He},
  title        = {Detectron},
  howpublished = {\url{https://github.com/facebookresearch/detectron}},
  year         = {2018},
}

@InProceedings{DBLP:conf/iccv/LinGGHD17,
  author    = {Tsung{-}Yi Lin and Priya Goyal and Ross B. Girshick and Kaiming He and Piotr Doll{\'{a}}r},
  title     = {Focal Loss for Dense Object Detection},
  booktitle = {{IEEE} International Conference on Computer Vision, {ICCV} 2017, Venice, Italy, October 22-29, 2017},
  year      = {2017},
  pages     = {2999--3007},
  bibsource = {dblp computer science bibliography, https://dblp.org},
  biburl    = {https://dblp.org/rec/bib/conf/iccv/LinGGHD17},
  doi       = {10.1109/ICCV.2017.324},
  timestamp = {Thu, 11 Jan 2018 13:21:37 +0100},
  url       = {https://doi.org/10.1109/ICCV.2017.324},
}

@InProceedings{DBLP:conf/cvpr/LinDGHHB17,
  author    = {Tsung{-}Yi Lin and Piotr Doll{\'{a}}r and Ross B. Girshick and Kaiming He and Bharath Hariharan and Serge J. Belongie},
  title     = {Feature Pyramid Networks for Object Detection},
  booktitle = {2017 {IEEE} Conference on Computer Vision and Pattern Recognition, {CVPR} 2017, Honolulu, HI, USA, July 21-26, 2017},
  year      = {2017},
  pages     = {936--944},
  bibsource = {dblp computer science bibliography, https://dblp.org},
  biburl    = {https://dblp.org/rec/bib/conf/cvpr/LinDGHHB17},
  doi       = {10.1109/CVPR.2017.106},
  timestamp = {Tue, 14 Nov 2017 17:15:06 +0100},
  url       = {https://doi.org/10.1109/CVPR.2017.106},
}

@InProceedings{DBLP:conf/cvpr/HeZRS16,
  author    = {Kaiming He and Xiangyu Zhang and Shaoqing Ren and Jian Sun},
  title     = {Deep Residual Learning for Image Recognition},
  booktitle = {2016 {IEEE} Conference on Computer Vision and Pattern Recognition, {CVPR} 2016, Las Vegas, NV, USA, June 27-30, 2016},
  year      = {2016},
  pages     = {770--778},
  bibsource = {dblp computer science bibliography, https://dblp.org},
  biburl    = {https://dblp.org/rec/bib/conf/cvpr/HeZRS16},
  doi       = {10.1109/CVPR.2016.90},
  timestamp = {Wed, 14 Nov 2018 10:57:52 +0100},
  url       = {https://doi.org/10.1109/CVPR.2016.90},
}

@InProceedings{honnibal-johnson:2015:EMNLP,
  author    = {Honnibal, Matthew and Johnson, Mark},
  title     = {An Improved Non-monotonic Transition System for Dependency Parsing},
  booktitle = {Proceedings of the 2015 Conference on Empirical Methods in Natural Language Processing},
  year      = {2015},
  pages     = {1373--1378},
  address   = {Lisbon, Portugal},
  month     = {September},
  publisher = {Association for Computational Linguistics},
  url       = {https://aclweb.org/anthology/D/D15/D15-1162},
}

@Book{berlin1991basic,
  title     = {Basic color terms: Their universality and evolution},
  publisher = {Univ of California Press},
  year      = {1991},
  author    = {Berlin, Brent and Kay, Paul},
}

@InProceedings{DBLP:conf/chi/HeerS12,
  author    = {Jeffrey Heer and Maureen C. Stone},
  title     = {Color naming models for color selection, image editing and palette design},
  booktitle = {{CHI} Conference on Human Factors in Computing Systems, {CHI} '12, Austin, TX, {USA} - May 05 - 10, 2012},
  year      = {2012},
  pages     = {1007--1016},
  bibsource = {dblp computer science bibliography, https://dblp.org},
  biburl    = {https://dblp.org/rec/bib/conf/chi/HeerS12},
  doi       = {10.1145/2207676.2208547},
  timestamp = {Tue, 06 Nov 2018 16:58:46 +0100},
  url       = {https://doi.org/10.1145/2207676.2208547},
}

@Article{DBLP:journals/tip/WeijerSVL09,
  author    = {Joost van de Weijer and Cordelia Schmid and Jakob J. Verbeek and Diane Larlus},
  title     = {Learning Color Names for Real-World Applications},
  journal   = {{IEEE} Trans. Image Processing},
  year      = {2009},
  volume    = {18},
  number    = {7},
  pages     = {1512--1523},
  bibsource = {dblp computer science bibliography, https://dblp.org},
  biburl    = {https://dblp.org/rec/bib/journals/tip/WeijerSVL09},
  doi       = {10.1109/TIP.2009.2019809},
  timestamp = {Wed, 14 Nov 2018 10:38:15 +0100},
  url       = {https://doi.org/10.1109/TIP.2009.2019809},
}

@Article{DBLP:journals/tvcg/SegelH10,
  author    = {Edward Segel and Jeffrey Heer},
  title     = {Narrative Visualization: Telling Stories with Data},
  journal   = {{IEEE} Trans. Vis. Comput. Graph.},
  year      = {2010},
  volume    = {16},
  number    = {6},
  pages     = {1139--1148},
  bibsource = {dblp computer science bibliography, https://dblp.org},
  biburl    = {https://dblp.org/rec/bib/journals/tvcg/SegelH10},
  doi       = {10.1109/TVCG.2010.179},
  timestamp = {Wed, 14 Nov 2018 10:22:13 +0100},
  url       = {https://doi.org/10.1109/TVCG.2010.179},
}

@Article{DBLP:journals/tvcg/HeerR07,
  author    = {Jeffrey Heer and George G. Robertson},
  title     = {Animated Transitions in Statistical Data Graphics},
  journal   = {{IEEE} Trans. Vis. Comput. Graph.},
  year      = {2007},
  volume    = {13},
  number    = {6},
  pages     = {1240--1247},
  bibsource = {dblp computer science bibliography, https://dblp.org},
  biburl    = {https://dblp.org/rec/bib/journals/tvcg/HeerR07},
  doi       = {10.1109/TVCG.2007.70539},
  timestamp = {Wed, 14 Nov 2018 10:21:58 +0100},
  url       = {https://doi.org/10.1109/TVCG.2007.70539},
}

@Article{tversky2008enriching,
  author    = {Tversky, Barbara and Heiser, Julie and Mackenzie, Rachel and Lozano, Sandra and Morrison, Julie},
  title     = {Enriching animations},
  journal   = {Learning with animation: Research implications for design},
  year      = {2008},
  pages     = {263--285},
  publisher = {Cambridge University Press New York},
}

@Article{DBLP:journals/computer/KosaraM13,
  author    = {Robert Kosara and Jock D. Mackinlay},
  title     = {Storytelling: The Next Step for Visualization},
  journal   = {{IEEE} Computer},
  year      = {2013},
  volume    = {46},
  number    = {5},
  pages     = {44--50},
  bibsource = {dblp computer science bibliography, https://dblp.org},
  biburl    = {https://dblp.org/rec/bib/journals/computer/KosaraM13},
  doi       = {10.1109/MC.2013.36},
  timestamp = {Wed, 17 May 2017 10:56:44 +0200},
  url       = {https://doi.org/10.1109/MC.2013.36},
}

@Article{DBLP:journals/cga/LeeRIC15,
  author    = {Bongshin Lee and Nathalie Henry Riche and Petra Isenberg and Sheelagh Carpendale},
  title     = {More Than Telling a Story: Transforming Data into Visually Shared Stories},
  journal   = {{IEEE} Computer Graphics and Applications},
  year      = {2015},
  volume    = {35},
  number    = {5},
  pages     = {84--90},
  bibsource = {dblp computer science bibliography, https://dblp.org},
  biburl    = {https://dblp.org/rec/bib/journals/cga/LeeRIC15},
  doi       = {10.1109/MCG.2015.99},
  timestamp = {Wed, 14 Nov 2018 10:45:17 +0100},
  url       = {https://doi.org/10.1109/MCG.2015.99},
}

@Article{DBLP:journals/tvcg/HullmanD11,
  author    = {Jessica Hullman and Nicholas Diakopoulos},
  title     = {Visualization Rhetoric: Framing Effects in Narrative Visualization},
  journal   = {{IEEE} Trans. Vis. Comput. Graph.},
  year      = {2011},
  volume    = {17},
  number    = {12},
  pages     = {2231--2240},
  bibsource = {dblp computer science bibliography, https://dblp.org},
  biburl    = {https://dblp.org/rec/bib/journals/tvcg/HullmanD11},
  doi       = {10.1109/TVCG.2011.255},
  timestamp = {Wed, 14 Nov 2018 10:22:11 +0100},
  url       = {https://doi.org/10.1109/TVCG.2011.255},
}

@Article{DBLP:journals/cga/ChoeLs15,
  author    = {Eun Kyoung Choe and Bongshin Lee and m. c. schraefel},
  title     = {Characterizing Visualization Insights from Quantified Selfers' Personal Data Presentations},
  journal   = {{IEEE} Computer Graphics and Applications},
  year      = {2015},
  volume    = {35},
  number    = {4},
  pages     = {28--37},
  bibsource = {dblp computer science bibliography, https://dblp.org},
  biburl    = {https://dblp.org/rec/bib/journals/cga/ChoeLs15},
  doi       = {10.1109/MCG.2015.51},
  timestamp = {Wed, 14 Nov 2018 10:45:21 +0100},
  url       = {https://doi.org/10.1109/MCG.2015.51},
}

@Article{DBLP:journals/cgf/SatyanarayanH14a,
  author    = {Arvind Satyanarayan and Jeffrey Heer},
  title     = {Authoring Narrative Visualizations with Ellipsis},
  journal   = {Comput. Graph. Forum},
  year      = {2014},
  volume    = {33},
  number    = {3},
  pages     = {361--370},
  bibsource = {dblp computer science bibliography, https://dblp.org},
  biburl    = {https://dblp.org/rec/bib/journals/cgf/SatyanarayanH14a},
  doi       = {10.1111/cgf.12392},
  timestamp = {Fri, 26 May 2017 22:53:54 +0200},
  url       = {https://doi.org/10.1111/cgf.12392},
}

@InProceedings{DBLP:conf/ieeevast/ChenBY10,
  author    = {Yang Chen and Scott Barlowe and Jing Yang},
  title     = {Click2Annotate: Automated Insight Externalization with rich semantics},
  booktitle = {Proceedings of the {IEEE} Conference on Visual Analytics Science and Technology, {IEEE} {VAST} 2010, Salt Lake City, Utah, USA, 24-29 October 2010, part of VisWeek 2010},
  year      = {2010},
  pages     = {155--162},
  bibsource = {dblp computer science bibliography, https://dblp.org},
  biburl    = {https://dblp.org/rec/bib/conf/ieeevast/ChenBY10},
  doi       = {10.1109/VAST.2010.5652885},
  timestamp = {Thu, 25 May 2017 00:37:34 +0200},
  url       = {https://doi.org/10.1109/VAST.2010.5652885},
}

@Article{DBLP:journals/cgf/IsenbergF09,
  author    = {Petra Isenberg and Danyel Fisher},
  title     = {Collaborative Brushing and Linking for Co-located Visual Analytics of Document Collections},
  journal   = {Comput. Graph. Forum},
  year      = {2009},
  volume    = {28},
  number    = {3},
  pages     = {1031--1038},
  bibsource = {dblp computer science bibliography, https://dblp.org},
  biburl    = {https://dblp.org/rec/bib/journals/cgf/IsenbergF09},
  doi       = {10.1111/j.1467-8659.2009.01444.x},
  timestamp = {Mon, 06 Nov 2017 12:13:51 +0100},
  url       = {https://doi.org/10.1111/j.1467-8659.2009.01444.x},
}

@Article{DBLP:journals/tvcg/ZhaoGICK18,
  author    = {Jian Zhao and Michael Glueck and Petra Isenberg and Fanny Chevalier and Azam Khan},
  title     = {Supporting Handoff in Asynchronous Collaborative Sensemaking Using Knowledge-Transfer Graphs},
  journal   = {{IEEE} Trans. Vis. Comput. Graph.},
  year      = {2018},
  volume    = {24},
  number    = {1},
  pages     = {340--350},
  bibsource = {dblp computer science bibliography, https://dblp.org},
  biburl    = {https://dblp.org/rec/bib/journals/tvcg/ZhaoGICK18},
  doi       = {10.1109/TVCG.2017.2745279},
  timestamp = {Wed, 14 Nov 2018 10:22:06 +0100},
  url       = {https://doi.org/10.1109/TVCG.2017.2745279},
}

@Article{DBLP:journals/tvcg/MahyarT14,
  author    = {Narges Mahyar and Melanie Tory},
  title     = {Supporting Communication and Coordination in Collaborative Sensemaking},
  journal   = {{IEEE} Trans. Vis. Comput. Graph.},
  year      = {2014},
  volume    = {20},
  number    = {12},
  pages     = {1633--1642},
  bibsource = {dblp computer science bibliography, https://dblp.org},
  biburl    = {https://dblp.org/rec/bib/journals/tvcg/MahyarT14},
  doi       = {10.1109/TVCG.2014.2346573},
  timestamp = {Wed, 14 Nov 2018 10:22:24 +0100},
  url       = {https://doi.org/10.1109/TVCG.2014.2346573},
}

@InProceedings{DBLP:conf/chi/ChenYBJ10,
  author    = {Yang Chen and Jing Yang and Scott Barlowe and Dong Hyun Jeong},
  title     = {Touch2Annotate: generating better annotations with less human effort on multi-touch interfaces},
  booktitle = {Proceedings of the 28th International Conference on Human Factors in Computing Systems, {CHI} 2010, Extended Abstracts Volume, Atlanta, Georgia, USA, April 10-15, 2010},
  year      = {2010},
  pages     = {3703--3708},
  bibsource = {dblp computer science bibliography, https://dblp.org},
  biburl    = {https://dblp.org/rec/bib/conf/chi/ChenYBJ10},
  doi       = {10.1145/1753846.1754042},
  timestamp = {Tue, 06 Nov 2018 16:58:43 +0100},
  url       = {https://doi.org/10.1145/1753846.1754042},
}

@InProceedings{DBLP:conf/chi/HeerVW07,
  author    = {Jeffrey Heer and Fernanda B. Vi{\'{e}}gas and Martin Wattenberg},
  title     = {Voyagers and voyeurs: supporting asynchronous collaborative information visualization},
  booktitle = {Proceedings of the 2007 Conference on Human Factors in Computing Systems, {CHI} 2007, San Jose, California, USA, April 28 - May 3, 2007},
  year      = {2007},
  pages     = {1029--1038},
  bibsource = {dblp computer science bibliography, https://dblp.org},
  biburl    = {https://dblp.org/rec/bib/conf/chi/HeerVW07},
  doi       = {10.1145/1240624.1240781},
  timestamp = {Tue, 06 Nov 2018 16:58:42 +0100},
  url       = {https://doi.org/10.1145/1240624.1240781},
}

@InProceedings{DBLP:conf/apvis/RenBLHC17,
  author    = {Donghao Ren and Matthew Brehmer and Bongshin Lee and Tobias H{\"{o}}llerer and Eun Kyoung Choe},
  title     = {ChartAccent: Annotation for data-driven storytelling},
  booktitle = {2017 {IEEE} Pacific Visualization Symposium, PacificVis 2017, Seoul, South Korea, April 18-21, 2017},
  year      = {2017},
  pages     = {230--239},
  bibsource = {dblp computer science bibliography, https://dblp.org},
  biburl    = {https://dblp.org/rec/bib/conf/apvis/RenBLHC17},
  doi       = {10.1109/PACIFICVIS.2017.8031599},
  timestamp = {Mon, 16 Oct 2017 15:00:34 +0200},
  url       = {https://doi.org/10.1109/PACIFICVIS.2017.8031599},
}

@InProceedings{DBLP:conf/chi/HullmanDA13,
  author    = {Jessica Hullman and Nicholas Diakopoulos and Eytan Adar},
  title     = {Contextifier: automatic generation of annotated stock visualizations},
  booktitle = {2013 {ACM} {SIGCHI} Conference on Human Factors in Computing Systems, {CHI} '13, Paris, France, April 27 - May 2, 2013},
  year      = {2013},
  pages     = {2707--2716},
  bibsource = {dblp computer science bibliography, https://dblp.org},
  biburl    = {https://dblp.org/rec/bib/conf/chi/HullmanDA13},
  doi       = {10.1145/2470654.2481374},
  timestamp = {Tue, 06 Nov 2018 16:58:45 +0100},
  url       = {https://doi.org/10.1145/2470654.2481374},
}

@Article{DBLP:journals/tvcg/KongA12,
  author    = {Nicholas Kong and Maneesh Agrawala},
  title     = {Graphical Overlays: Using Layered Elements to Aid Chart Reading},
  journal   = {{IEEE} Trans. Vis. Comput. Graph.},
  year      = {2012},
  volume    = {18},
  number    = {12},
  pages     = {2631--2638},
  bibsource = {dblp computer science bibliography, https://dblp.org},
  biburl    = {https://dblp.org/rec/bib/journals/tvcg/KongA12},
  doi       = {10.1109/TVCG.2012.229},
  timestamp = {Wed, 14 Nov 2018 10:22:00 +0100},
  url       = {https://doi.org/10.1109/TVCG.2012.229},
}

@InProceedings{DBLP:conf/ieeevast/Kandogan12,
  author    = {Eser Kandogan},
  title     = {Just-in-time annotation of clusters, outliers, and trends in point-based data visualizations},
  booktitle = {2012 {IEEE} Conference on Visual Analytics Science and Technology, {VAST} 2012, Seattle, WA, USA, October 14-19, 2012},
  year      = {2012},
  pages     = {73--82},
  bibsource = {dblp computer science bibliography, https://dblp.org},
  biburl    = {https://dblp.org/rec/bib/conf/ieeevast/Kandogan12},
  doi       = {10.1109/VAST.2012.6400487},
  timestamp = {Thu, 25 May 2017 00:37:34 +0200},
  url       = {https://doi.org/10.1109/VAST.2012.6400487},
}

@Article{DBLP:journals/tvcg/BryanMW17,
  author    = {Chris Bryan and Kwan{-}Liu Ma and Jonathan Woodring},
  title     = {Temporal Summary Images: An Approach to Narrative Visualization via Interactive Annotation Generation and Placement},
  journal   = {{IEEE} Trans. Vis. Comput. Graph.},
  year      = {2017},
  volume    = {23},
  number    = {1},
  pages     = {511--520},
  bibsource = {dblp computer science bibliography, https://dblp.org},
  biburl    = {https://dblp.org/rec/bib/journals/tvcg/BryanMW17},
  doi       = {10.1109/TVCG.2016.2598876},
  timestamp = {Wed, 14 Nov 2018 10:22:05 +0100},
  url       = {https://doi.org/10.1109/TVCG.2016.2598876},
}

@InProceedings{DBLP:conf/chi/GaoHAHD14,
  author    = {Tong Gao and Jessica Hullman and Eytan Adar and Brent J. Hecht and Nicholas Diakopoulos},
  title     = {NewsViews: an automated pipeline for creating custom geovisualizations for news},
  booktitle = {{CHI} Conference on Human Factors in Computing Systems, CHI'14, Toronto, ON, Canada - April 26 - May 01, 2014},
  year      = {2014},
  pages     = {3005--3014},
  bibsource = {dblp computer science bibliography, https://dblp.org},
  biburl    = {https://dblp.org/rec/bib/conf/chi/GaoHAHD14},
  doi       = {10.1145/2556288.2557228},
  timestamp = {Tue, 06 Nov 2018 16:58:45 +0100},
  url       = {https://doi.org/10.1145/2556288.2557228},
}

@InProceedings{DBLP:conf/icip/ZhouT00,
  author    = {Yan Ping Zhou and Chew Lim Tan},
  title     = {Hough Technique for Bar Charts Detection and Recognition in Document Images},
  booktitle = {Proceedings of the 2000 International Conference on Image Processing, {ICIP} 2000, Vancouver, BC, Canada, September 10-13, 2000},
  year      = {2000},
  pages     = {605--608},
  bibsource = {dblp computer science bibliography, https://dblp.org},
  biburl    = {https://dblp.org/rec/bib/conf/icip/ZhouT00},
  doi       = {10.1109/ICIP.2000.899506},
  timestamp = {Thu, 25 May 2017 00:40:44 +0200},
  url       = {https://doi.org/10.1109/ICIP.2000.899506},
}

@InProceedings{DBLP:conf/doceng/HuangT07,
  author    = {Weihua Huang and Chew Lim Tan},
  title     = {A system for understanding imaged infographics and its applications},
  booktitle = {Proceedings of the 2007 {ACM} Symposium on Document Engineering, Winnipeg, Manitoba, Canada, August 28-31, 2007},
  year      = {2007},
  pages     = {9--18},
  bibsource = {dblp computer science bibliography, https://dblp.org},
  biburl    = {https://dblp.org/rec/bib/conf/doceng/HuangT07},
  doi       = {10.1145/1284420.1284427},
  timestamp = {Tue, 06 Nov 2018 16:57:33 +0100},
  url       = {https://doi.org/10.1145/1284420.1284427},
}

@InProceedings{DBLP:conf/grec/HuangTL03,
  author    = {Weihua Huang and Chew Lim Tan and Wee Kheng Leow},
  title     = {Model-Based Chart Image Recognition},
  booktitle = {Graphics Recognition, Recent Advances and Perspectives, 5th InternationalWorkshop, {GREC} 2003, Barcelona, Spain, July 30-31, 2003, Revised Selected Papers},
  year      = {2003},
  pages     = {87--99},
  bibsource = {dblp computer science bibliography, https://dblp.org},
  biburl    = {https://dblp.org/rec/bib/conf/grec/HuangTL03},
  doi       = {10.1007/978-3-540-25977-0\_8},
  timestamp = {Tue, 30 May 2017 12:57:44 +0200},
  url       = {https://doi.org/10.1007/978-3-540-25977-0\_8},
}

@InProceedings{DBLP:conf/jcdl/ChoudhuryWG16,
  author    = {Sagnik Ray Choudhury and Shuting Wang and C. Lee Giles},
  title     = {Curve Separation for Line Graphs in Scholarly Documents},
  booktitle = {Proceedings of the 16th {ACM/IEEE-CS} on Joint Conference on Digital Libraries, {JCDL} 2016, Newark, NJ, USA, June 19 - 23, 2016},
  year      = {2016},
  pages     = {277--278},
  bibsource = {dblp computer science bibliography, https://dblp.org},
  biburl    = {https://dblp.org/rec/bib/conf/jcdl/ChoudhuryWG16},
  doi       = {10.1145/2910896.2925469},
  timestamp = {Tue, 06 Nov 2018 16:59:01 +0100},
  url       = {https://doi.org/10.1145/2910896.2925469},
}

@InProceedings{DBLP:conf/sigmod/ChoudhuryWG16,
  author    = {Sagnik Ray Choudhury and Shuting Wang and C. Lee Giles},
  title     = {Scalable algorithms for scholarly figure mining and semantics},
  booktitle = {Proceedings of the International Workshop on Semantic Big Data, San Francisco, CA, USA, July 1, 2016},
  year      = {2016},
  pages     = {1},
  bibsource = {dblp computer science bibliography, https://dblp.org},
  biburl    = {https://dblp.org/rec/bib/conf/sigmod/ChoudhuryWG16},
  doi       = {10.1145/2928294.2928305},
  timestamp = {Tue, 06 Nov 2018 11:07:39 +0100},
  url       = {https://doi.org/10.1145/2928294.2928305},
}

@InProceedings{DBLP:conf/chi/MendezNV16,
  author    = {Gonzalo Gabriel M{\'{e}}ndez and Miguel A. Nacenta and Sebastien Vandenheste},
  title     = {iVoLVER: Interactive Visual Language for Visualization Extraction and Reconstruction},
  booktitle = {Proceedings of the 2016 {CHI} Conference on Human Factors in Computing Systems, San Jose, CA, USA, May 7-12, 2016},
  year      = {2016},
  pages     = {4073--4085},
  bibsource = {dblp computer science bibliography, https://dblp.org},
  biburl    = {https://dblp.org/rec/bib/conf/chi/MendezNV16},
  doi       = {10.1145/2858036.2858435},
  timestamp = {Tue, 06 Nov 2018 16:58:43 +0100},
  url       = {https://doi.org/10.1145/2858036.2858435},
}

@InProceedings{DBLP:conf/eccv/SiegelHLDF16,
  author    = {Noah Siegel and Zachary Horvitz and Roie Levin and Santosh Kumar Divvala and Ali Farhadi},
  title     = {FigureSeer: Parsing Result-Figures in Research Papers},
  booktitle = {Computer Vision - {ECCV} 2016 - 14th European Conference, Amsterdam, The Netherlands, October 11-14, 2016, Proceedings, Part {VII}},
  year      = {2016},
  pages     = {664--680},
  bibsource = {dblp computer science bibliography, https://dblp.org},
  biburl    = {https://dblp.org/rec/bib/conf/eccv/SiegelHLDF16},
  doi       = {10.1007/978-3-319-46478-7\_41},
  timestamp = {Fri, 19 May 2017 01:25:57 +0200},
  url       = {https://doi.org/10.1007/978-3-319-46478-7\_41},
}

@InProceedings{DBLP:conf/icdar/HuangLT07,
  author    = {Weihua Huang and Ruizhe Liu and Chew Lim Tan},
  title     = {Extraction of Vectorized Graphical Information from Scientific Chart Images},
  booktitle = {9th International Conference on Document Analysis and Recognition {(ICDAR} 2007), 23-26 September, Curitiba, Paran{\'{a}}, Brazil},
  year      = {2007},
  pages     = {521--525},
  bibsource = {dblp computer science bibliography, https://dblp.org},
  biburl    = {https://dblp.org/rec/bib/conf/icdar/HuangLT07},
  doi       = {10.1109/ICDAR.2007.116},
  timestamp = {Mon, 03 Nov 2014 16:47:52 +0100},
  url       = {http://doi.ieeecomputersociety.org/10.1109/ICDAR.2007.116},
}

@Article{DBLP:journals/cgf/KongLK17,
  author    = {Ha Kyung Kong and Zhicheng Liu and Karrie Karahalios},
  title     = {Internal and External Visual Cue Preferences for Visualizations in Presentations},
  journal   = {Comput. Graph. Forum},
  year      = {2017},
  volume    = {36},
  number    = {3},
  pages     = {515--525},
  bibsource = {dblp computer science bibliography, https://dblp.org},
  biburl    = {https://dblp.org/rec/bib/journals/cgf/KongLK17},
  doi       = {10.1111/cgf.13207},
  timestamp = {Mon, 17 Jul 2017 16:13:51 +0200},
  url       = {https://doi.org/10.1111/cgf.13207},
}

@Comment{jabref-meta: databaseType:bibtex;}
